101 06200001919999999990509211317A094101Regions Bank           XYZ Company            Ref Code
5200XYZ Company     Discretionary Data  1999999999PPDPAYROLL   050921050923   1062000010000001
820000001300829505630000000000000000018639771999999999                         062000010000001
9000001000002000000130082950563000000000000000001863977                                       
9999999999999999999999999999999999999999999999999999999999999999999999999999999999999999999999